@Article{Liu2018,
  author     = {Hanxiao Liu and Karen Simonyan and Yiming Yang},
  journal    = {CoRR},
  title      = {{DARTS:} Differentiable Architecture Search},
  year       = {2018},
  volume     = {abs/1806.09055},
  bibsource  = {dblp computer science bibliography, https://dblp.org},
  biburl     = {https://dblp.org/rec/journals/corr/abs-1806-09055.bib},
  eprint     = {1806.09055},
  eprinttype = {arXiv},
  timestamp  = {Mon, 13 Aug 2018 16:49:10 +0200},
  url        = {http://arxiv.org/abs/1806.09055},
}

@Article{Ferianc2020,
  author     = {Martin Ferianc and Hongxiang Fan and Miguel Rodrigues},
  journal    = {CoRR},
  title      = {{VINNAS:} Variational Inference-based Neural Network Architecture Search},
  year       = {2020},
  volume     = {abs/2007.06103},
  bibsource  = {dblp computer science bibliography, https://dblp.org},
  biburl     = {https://dblp.org/rec/journals/corr/abs-2007-06103.bib},
  eprint     = {2007.06103},
  eprinttype = {arXiv},
  timestamp  = {Tue, 21 Jul 2020 12:53:33 +0200},
  url        = {https://arxiv.org/abs/2007.06103},
}

@Article{Zhou2019,
  author     = {Hongpeng Zhou and Minghao Yang and Jun Wang and Wei Pan},
  journal    = {CoRR},
  title      = {BayesNAS: {A} Bayesian Approach for Neural Architecture Search},
  year       = {2019},
  volume     = {abs/1905.04919},
  bibsource  = {dblp computer science bibliography, https://dblp.org},
  biburl     = {https://dblp.org/rec/journals/corr/abs-1905-04919.bib},
  eprint     = {1905.04919},
  eprinttype = {arXiv},
  timestamp  = {Wed, 21 Oct 2020 08:40:04 +0200},
  url        = {http://arxiv.org/abs/1905.04919},
}

@Article{White2019,
  author     = {Colin White and Willie Neiswanger and Yash Savani},
  journal    = {CoRR},
  title      = {{BANANAS:} Bayesian Optimization with Neural Architectures for Neural Architecture Search},
  year       = {2019},
  volume     = {abs/1910.11858},
  bibsource  = {dblp computer science bibliography, https://dblp.org},
  biburl     = {https://dblp.org/rec/journals/corr/abs-1910-11858.bib},
  eprint     = {1910.11858},
  eprinttype = {arXiv},
  timestamp  = {Thu, 31 Oct 2019 14:02:26 +0100},
  url        = {http://arxiv.org/abs/1910.11858},
}

@InProceedings{Graves2011,
  author    = {Graves, Alex},
  booktitle = {Advances in Neural Information Processing Systems},
  title     = {Practical Variational Inference for Neural Networks},
  year      = {2011},
  editor    = {J. Shawe-Taylor and R. Zemel and P. Bartlett and F. Pereira and K. Q. Weinberger},
  publisher = {Curran Associates, Inc.},
  volume    = {24},
  url       = {https://proceedings.neurips.cc/paper/2011/file/7eb3c8be3d411e8ebfab08eba5f49632-Paper.pdf},
}

@Article{Chen2020,
  author     = {Xiangning Chen and Ruochen Wang and Minhao Cheng and Xiaocheng Tang and Cho{-}Jui Hsieh},
  journal    = {CoRR},
  title      = {DrNAS: Dirichlet Neural Architecture Search},
  year       = {2020},
  volume     = {abs/2006.10355},
  bibsource  = {dblp computer science bibliography, https://dblp.org},
  biburl     = {https://dblp.org/rec/journals/corr/abs-2006-10355.bib},
  eprint     = {2006.10355},
  eprinttype = {arXiv},
  timestamp  = {Tue, 23 Jun 2020 17:57:22 +0200},
  url        = {https://arxiv.org/abs/2006.10355},
}

@Article{Pham2018,
  author     = {Hieu Pham and Melody Y. Guan and Barret Zoph and Quoc V. Le and Jeff Dean},
  journal    = {CoRR},
  title      = {Efficient Neural Architecture Search via Parameter Sharing},
  year       = {2018},
  volume     = {abs/1802.03268},
  bibsource  = {dblp computer science bibliography, https://dblp.org},
  biburl     = {https://dblp.org/rec/journals/corr/abs-1802-03268.bib},
  eprint     = {1802.03268},
  eprinttype = {arXiv},
  timestamp  = {Mon, 13 Aug 2018 16:47:58 +0200},
  url        = {http://arxiv.org/abs/1802.03268},
}

@Article{Zoph2017,
  author     = {Barret Zoph and Vijay Vasudevan and Jonathon Shlens and Quoc V. Le},
  journal    = {CoRR},
  title      = {Learning Transferable Architectures for Scalable Image Recognition},
  year       = {2017},
  volume     = {abs/1707.07012},
  bibsource  = {dblp computer science bibliography, https://dblp.org},
  biburl     = {https://dblp.org/rec/journals/corr/ZophVSL17.bib},
  eprint     = {1707.07012},
  eprinttype = {arXiv},
  timestamp  = {Mon, 13 Aug 2018 16:48:00 +0200},
  url        = {http://arxiv.org/abs/1707.07012},
}

@Misc{Jang2016,
  author    = {Jang, Eric and Gu, Shixiang and Poole, Ben},
  title     = {Categorical Reparameterization with Gumbel-Softmax},
  year      = {2016},
  copyright = {arXiv.org perpetual, non-exclusive license},
  doi       = {10.48550/ARXIV.1611.01144},
  keywords  = {Machine Learning (stat.ML), Machine Learning (cs.LG), FOS: Computer and information sciences, FOS: Computer and information sciences},
  publisher = {arXiv},
  url       = {https://arxiv.org/abs/1611.01144},
}

@Article{Potapczynski2019,
  author    = {Potapczynski, Andres and Loaiza-Ganem, Gabriel and Cunningham, John P.},
  title     = {Invertible Gaussian Reparameterization: Revisiting the Gumbel-Softmax},
  year      = {2019},
  copyright = {arXiv.org perpetual, non-exclusive license},
  doi       = {10.48550/ARXIV.1912.09588},
  keywords  = {Machine Learning (stat.ML), Machine Learning (cs.LG), FOS: Computer and information sciences, FOS: Computer and information sciences},
  publisher = {arXiv},
  url       = {https://arxiv.org/abs/1912.09588},
}

@article{DBLP:journals/corr/PapernotMGJCS16,
  author    = {Nicolas Papernot and
               Patrick D. McDaniel and
               Ian J. Goodfellow and
               Somesh Jha and
               Z. Berkay Celik and
               Ananthram Swami},
  title     = {Practical Black-Box Attacks against Deep Learning Systems using Adversarial
               Examples},
  journal   = {CoRR},
  volume    = {abs/1602.02697},
  year      = {2016},
  url       = {http://arxiv.org/abs/1602.02697},
  eprinttype = {arXiv},
  eprint    = {1602.02697},
  timestamp = {Mon, 13 Aug 2018 16:49:06 +0200},
  biburl    = {https://dblp.org/rec/journals/corr/PapernotMGJCS16.bib},
  bibsource = {dblp computer science bibliography, https://dblp.org}
}

@article{DBLP:journals/corr/abs-2007-08428,
  author    = {Chaitanya Devaguptapu and
               Devansh Agarwal and
               Gaurav Mittal and
               Vineeth N. Balasubramanian},
  title     = {An Empirical Study on the Robustness of {NAS} based Architectures},
  journal   = {CoRR},
  volume    = {abs/2007.08428},
  year      = {2020},
  url       = {https://arxiv.org/abs/2007.08428},
  eprinttype = {arXiv},
  eprint    = {2007.08428},
  timestamp = {Wed, 22 Jul 2020 12:09:15 +0200},
  biburl    = {https://dblp.org/rec/journals/corr/abs-2007-08428.bib},
  bibsource = {dblp computer science bibliography, https://dblp.org}
}

@article{https://doi.org/10.48550/arxiv.1808.05377,
  doi = {10.48550/ARXIV.1808.05377},
  
  url = {https://arxiv.org/abs/1808.05377},
  
  author = {Elsken, Thomas and Metzen, Jan Hendrik and Hutter, Frank},
  
  keywords = {Machine Learning (stat.ML), Machine Learning (cs.LG), Neural and Evolutionary Computing (cs.NE), FOS: Computer and information sciences, FOS: Computer and information sciences},
  
  title = {Neural Architecture Search: A Survey},
  
  publisher = {arXiv},
  
  year = {2018},
  
  copyright = {arXiv.org perpetual, non-exclusive license}
}

@article{DBLP:journals/corr/abs-1905-05055,
  author    = {Zhengxia Zou and
               Zhenwei Shi and
               Yuhong Guo and
               Jieping Ye},
  title     = {Object Detection in 20 Years: {A} Survey},
  journal   = {CoRR},
  volume    = {abs/1905.05055},
  year      = {2019},
  url       = {http://arxiv.org/abs/1905.05055},
  eprinttype = {arXiv},
  eprint    = {1905.05055},
  timestamp = {Tue, 28 May 2019 12:48:08 +0200},
  biburl    = {https://dblp.org/rec/journals/corr/abs-1905-05055.bib},
  bibsource = {dblp computer science bibliography, https://dblp.org}
}

@article{DBLP:journals/corr/abs-1906-03591,
  author    = {Kun Jing and
               Jungang Xu},
  title     = {A Survey on Neural Network Language Models},
  journal   = {CoRR},
  volume    = {abs/1906.03591},
  year      = {2019},
  url       = {http://arxiv.org/abs/1906.03591},
  eprinttype = {arXiv},
  eprint    = {1906.03591},
  timestamp = {Thu, 14 Oct 2021 09:15:03 +0200},
  biburl    = {https://dblp.org/rec/journals/corr/abs-1906-03591.bib},
  bibsource = {dblp computer science bibliography, https://dblp.org}
}

@article{DBLP:journals/corr/CarliniW16a,
  author    = {Nicholas Carlini and
               David A. Wagner},
  title     = {Towards Evaluating the Robustness of Neural Networks},
  journal   = {CoRR},
  volume    = {abs/1608.04644},
  year      = {2016},
  url       = {http://arxiv.org/abs/1608.04644},
  eprinttype = {arXiv},
  eprint    = {1608.04644},
  timestamp = {Mon, 13 Aug 2018 16:46:14 +0200},
  biburl    = {https://dblp.org/rec/journals/corr/CarliniW16a.bib},
  bibsource = {dblp computer science bibliography, https://dblp.org}
}

@article{DBLP:journals/corr/abs-1708-07747,
  author    = {Han Xiao and
               Kashif Rasul and
               Roland Vollgraf},
  title     = {Fashion-MNIST: a Novel Image Dataset for Benchmarking Machine Learning
               Algorithms},
  journal   = {CoRR},
  volume    = {abs/1708.07747},
  year      = {2017},
  url       = {http://arxiv.org/abs/1708.07747},
  eprinttype = {arXiv},
  eprint    = {1708.07747},
  timestamp = {Mon, 13 Aug 2018 16:47:27 +0200},
  biburl    = {https://dblp.org/rec/journals/corr/abs-1708-07747.bib},
  bibsource = {dblp computer science bibliography, https://dblp.org}
}

@article{cifar10,
title= {CIFAR-10 (Canadian Institute for Advanced Research)},
journal= {},
author= {Alex Krizhevsky and Vinod Nair and Geoffrey Hinton},
year= {},
url= {http://www.cs.toronto.edu/~kriz/cifar.html},
keywords= {Dataset},
terms= {}
}

@article{lstm,
author = {Hochreiter, Sepp and Schmidhuber, JÃ¼rgen},
year = {1997},
month = {12},
pages = {1735-80},
title = {Long Short-term Memory},
volume = {9},
journal = {Neural computation},
doi = {10.1162/neco.1997.9.8.1735}
}