@inproceedings{NEURIPS2019_26cd8eca,
	author = {Greydanus, Samuel and Dzamba, Misko and Yosinski, Jason},
	booktitle = {Advances in Neural Information Processing Systems},
	editor = {H. Wallach and H. Larochelle and A. Beygelzimer and F. d\textquotesingle Alch\'{e}-Buc and E. Fox and R. Garnett},
	pages = {},
	publisher = {Curran Associates, Inc.},
	title = {Hamiltonian Neural Networks},
	url = {https://proceedings.neurips.cc/paper/2019/file/26cd8ecadce0d4efd6cc8a8725cbd1f8-Paper.pdf},
	volume = {32},
	year = {2019}
}

@article{Cranmer2020LagrangianNN,
	title={Lagrangian Neural Networks},
	author={M. Cranmer and Sam Greydanus and Stephan Hoyer and Peter W. Battaglia and David N. Spergel and Shirley Ho},
	journal={ArXiv preprint},
	year={2020},
	volume={abs/2003.04630}
}


@misc{HNNarticle,	
	title={Hamiltonian Neural Networks article},
	howpublished="\url{https://greydanus.github.io/2019/05/15/hamiltonian-nns/}"
}

@misc{LNNarticle,	
	title={Lagrangian Neural Networks article},
	howpublished="\url{https://greydanus.github.io/2020/03/10/lagrangian-nns/}"
}